<record><leader>00000cas a22000007a 4500</leader><controlfield tag="001">24867679</controlfield><controlfield tag="008">911127d188418uuohuzx ne      0    0eng d</controlfield><datafield ind1=" " ind2=" " tag="010"><subfield code="a">sn 91074530 </subfield></datafield><datafield ind1=" " ind2=" " tag="040"><subfield code="a">ONP</subfield><subfield code="b">eng</subfield><subfield code="c">ONP</subfield><subfield code="d">OCLCQ</subfield></datafield><datafield ind1=" " ind2=" " tag="042"><subfield code="a">msc</subfield></datafield><datafield ind1="0" ind2="0" tag="245"><subfield code="a">Saunders' occasional.</subfield></datafield><datafield ind1=" " ind2=" " tag="260"><subfield code="a">Hopedale, O. [Ohio] :</subfield><subfield code="b">O.F. Saunders,</subfield><subfield code="c">1884-</subfield></datafield><datafield ind1=" " ind2=" " tag="300"><subfield code="a">v.</subfield></datafield><datafield ind1="0" ind2=" " tag="362"><subfield code="a">No. 1 (June 20, [18]'84)-</subfield></datafield><datafield ind1=" " ind2=" " tag="500"><subfield code="a">"Published every once in a while, and sometimes in between."</subfield></datafield><datafield ind1=" " ind2=" " tag="752"><subfield code="a">United States</subfield><subfield code="b">Ohio</subfield><subfield code="c">Harrison</subfield><subfield code="d">Hopedale.</subfield></datafield></record>